@article{erfani2018impacts,
	title={Impacts of the use of social network sites on users' psychological well-being: A systematic review},
	author={Erfani, Seyedezahra Shadi and Abedin, Babak},
	journal={Journal of the Association for Information Science and Technology},
	volume={69},
	number={7},
	pages={900--912},
	year={2018},
	publisher={Wiley Online Library}
}
@article{mundt2011impact,
	title={The impact of peer social networks on adolescent alcohol use initiation},
	author={Mundt, Marlon P},
	journal={Academic pediatrics},
	volume={11},
	number={5},
	pages={414--421},
	year={2011},
	publisher={Elsevier}
}